% vim:ts=4:sw=4

@article{test-en,
	author = {Author},
	title = {Title},
	type = {J},
	journal = {Journal},
	date = {2014-04-01},
	language = {english},
}

@online{test-zh,
	author = {作者},
	title = {标题},
	type = {J},
	journal = {期刊},
	date = {2014-04-01},
	language = {chinese},
}

%%%%%%%%%%%%%%%%%%我是华丽的分割线%%%%%%%%%%%%%%%%%%%%%%%%%%%
@online{cortes1995support,
  title={Support-vector networks},
  author={Cortes, Corinna and Vapnik, Vladimir},
  journal={Machine learning},
  volume={20},
  number={3},
  pages={273--297},
  year={1995},
  language = {english},
  publisher={Springer}
}%支持向量机
@online{pappu2002physical,
  title={Physical one-way functions},
  author={Pappu, Ravikanth and Recht, Ben and Taylor, Jason and Gershenfeld, Neil},
  journal={Science},
  volume={297},
  number={5589},
  pages={2026--2030},
  year={2002},
  language = {english},
  publisher={American Association for the Advancement of Science}
}
@online{gassend2002silicon,
  title={Silicon physical random functions},
  author={Gassend, Blaise and Clarke, Dwaine and Van Dijk, Marten and Devadas, Srinivas},
  booktitle={Proceedings of the 9th ACM conference on Computer and communications security},
  pages={148--160},
  year={2002},
  language = {english},
  organization={ACM}
}
@online{lee2004technique,
  title={A technique to build a secret key in integrated circuits for identification and authentication applications},
  author={Lee, Jae W and Lim, Daihyun and Gassend, Blaise and Suh, G Edward and Van Dijk, Marten and Devadas, Srinivas},
  booktitle={VLSI Circuits, 2004. Digest of Technical Papers. 2004 Symposium on},
  pages={176--179},
  year={2004},
  language = {english},
  organization={IEEE}
}
@online{lim2005extracting,
  title={Extracting secret keys from integrated circuits},
  author={Lim, Daihyun and Lee, Jae W and Gassend, Blaise and Suh, G Edward and Van Dijk, Marten and Devadas, Srinivas},
  journal={Very Large Scale Integration (VLSI) Systems, IEEE Transactions on},
  volume={13},
  number={10},
  pages={1200--1205},
  year={2005},
  language = {english},
  publisher={IEEE}
}
@online{suh2007physical,
  title={Physical unclonable functions for device authentication and secret key generation},
  author={Suh, G Edward and Devadas, Srinivas},
  booktitle={Proceedings of the 44th annual Design Automation Conference},
  pages={9--14},
  year={2007},
  language = {english},
  organization={ACM}
}
@online{Guajardo2007fpga,
  title={FPGA Intrinsic PUFs and Their Use for IP Protection},
  author={Guajardo, Jorge and Kumar, Sandeep S and Schrijen, Geert-Jan and Tuyls, Pim},
  booktitle={Cryptographic Hardware and Embedded Systems - CHES 2007},
  pages={63--80},
  year={2007},
  language = {english},
  organization={Springer}
}
@online{kumar2008butterfly,
  title={The butterfly PUF protecting IP on every FPGA},
  author={Kumar, Sandeep S and Guajardo, Jorge and Maes, Roel and Schrijen, Geert-Jan and Tuyls, Pim},
  booktitle={Hardware-Oriented Security and Trust, 2008. HOST 2008. IEEE International Workshop on},
  pages={67--70},
  year={2008},
  language = {english},
  organization={IEEE}
}
@online{majzoobi2008lightweight,
  title={Lightweight secure pufs},
  author={Majzoobi, Mehrdad and Koushanfar, Farinaz and Potkonjak, Miodrag},
  booktitle={Proceedings of the 2008 IEEE/ACM International Conference on Computer-Aided Design},
  pages={670--673},
  year={2008},
  language = {english},
  organization={IEEE Press}
}
@online{ruhrmair2010modeling,
  title={Modeling attacks on physical unclonable functions},
  author={R{\"u}hrmair, Ulrich and Sehnke, Frank and S{\"o}lter, Jan and Dror, Gideon and Devadas, Srinivas and Schmidhuber, J{\"u}rgen},
  booktitle={Proceedings of the 17th ACM conference on Computer and communications security},
  pages={237--249},
  year={2010},
  language = {english},
  organization={ACM}
}
@online{morozov2010analysis,
  title={An analysis of delay based PUF implementations on FPGA},
  author={Morozov, Sergey and Maiti, Abhranil and Schaumont, Patrick},
  booktitle={Reconfigurable Computing: Architectures, Tools and Applications},
  pages={382--387},
  year={2010},
  language = {english},
  publisher={Springer}
}
@online{chen2011bistable,
  title={The bistable ring puf: A new architecture for strong physical unclonable functions},
  author={Chen, Qingqing and Csaba, Gy{\"o}rgy and Lugli, Paolo and Schlichtmann, Ulf and R{\"u}hrmair, Ulrich},
  booktitle={Hardware-Oriented Security and Trust (HOST), 2011 IEEE International Symposium on},
  pages={134--141},
  year={2011},
  language = {english},
  organization={IEEE}
}
@online{maiti2011improved,
  title={Improved ring oscillator PUF: an FPGA-friendly secure primitive},
  author={Maiti, Abhranil and Schaumont, Patrick},
  journal={Journal of cryptology},
  volume={24},
  number={2},
  pages={375--397},
  year={2011},
  language = {english},
  publisher={Springer}
}
@online{chen2012characterization,
  title={Characterization of the bistable ring PUF},
  author={Chen, Qingqing and Csaba, Gy{\"o}rgy and Lugli, Paolo and Schlichtmann, Ulf and R{\"u}hrmair, Ulrich},
  booktitle={Design, Automation \& Test in Europe Conference \& Exhibition (DATE), 2012},
  pages={1459--1462},
  year={2012},
  language = {english},
  organization={IEEE}
}
@online{schuster2014evaluation,
  title={Evaluation of bistable ring PUFs using single layer neural networks},
  author={Schuster, Dieter and Hesselbarth, Robert},
  booktitle={Trust and Trustworthy Computing},
  pages={101--109},
  year={2014},
  language = {english},
  publisher={Springer}
}
@online{yamamoto2014security,
  title={Security evaluation of bistable ring PUFs on FPGAs using differential and linear analysis},
  author={Yamamoto, Dai and Takenaka, Mitsuru and Sakiyama, Kazuo and Torii, Naoya},
  booktitle={Computer Science and Information Systems (FedCSIS), 2014 Federated Conference on},
  pages={911--918},
  year={2014},
  language = {english},
  organization={IEEE}
}
@online{halak2015area,
  title={Area efficient configurable physical unclonable functions for FPGAs identification},
  author={Halak, Basel and Hu, Yizhong and Mispan, Mohd Syafiq},
  booktitle={Circuits and Systems (ISCAS), 2015 IEEE International Symposium on},
  pages={946--949},
  year={2015},
  language = {english},
  organization={IEEE}
}
@online{xusecurity,
  title={Security Evaluation and Enhancement of Bistable Ring PUFs (unpublished)},
  author={Xu, Xiaolin and R{\"u}hrmair, Ulrich and Holcomb, Daniel E and Burleson, Wayne},
  language = {english},
}